@article{delany_buckley_greene_2012,
	title={SMS spam filtering: Methods and Data},
	volume={39},
	DOI={10.1016/j.eswa.2012.02.053},
	number={10},
	journal={Expert Systems with Applications},
	author={Delany, Sarah Jane and Buckley, Mark and Greene, Derek},
	year={2012},
	pages={9899–9908}
}

@article{dataset,
	author = "Almeida, T.A. and Gómez Hidalgo, J.M. and Yamakami, A.",
	title = "Contributions to the Study of SMS Spam Filtering: New Collection and Results.",
	year = "2011",
	journal = "Proceedings of the 2011 ACM Symposium on Document Engineering (DOCENG'11)"
}

